@article{DBLP:journals/corr/abs-1710-05703,
  author        = {Noman Islam and
                   Zeeshan Islam and
                   Nazia Noor},
  title         = {A Survey on Optical Character Recognition System},
  journal       = {CoRR},
  volume        = {abs/1710.05703},
  year          = {2017},
  url           = {http://arxiv.org/abs/1710.05703},
  archivePrefix = {arXiv},
  eprint        = {1710.05703},
  timestamp     = {Wed, 01 Nov 2017 19:05:42 +0100},
  biburl        = {https://dblp.org/rec/bib/journals/corr/abs-1710-05703},
  bibsource     = {dblp computer science bibliography, https://dblp.org}
}

@article{DBLP:journals/corr/Saghaei16a,
  author        = {Hamed Saghaei},
  title         = {Proposal for Automatic License and Number Plate Recognition System
                   for Vehicle Identification},
  journal       = {CoRR},
  volume        = {abs/1610.03341},
  year          = {2016},
  url           = {http://arxiv.org/abs/1610.03341},
  archivePrefix = {arXiv},
  eprint        = {1610.03341},
  timestamp     = {Wed, 07 Jun 2017 14:42:30 +0200},
  biburl        = {https://dblp.org/rec/bib/journals/corr/Saghaei16a},
  bibsource     = {dblp computer science bibliography, https://dblp.org}
}

@article{DBLP:journals/corr/abs-1802-09567,
  author        = {Rayson Laroca and
                   Evair Severo and
                   Luiz A. Zanlorensi and
                   Luiz S. Oliveira and
                   Gabriel R. Gon{\c{c}}alves and
                   William R. Schwartz and
                   David Menotti},
  title         = {A Robust Real-Time Automatic License Plate Recognition based on the
                   {YOLO} Detector},
  journal       = {CoRR},
  volume        = {abs/1802.09567},
  year          = {2018},
  url           = {http://arxiv.org/abs/1802.09567},
  archivePrefix = {arXiv},
  eprint        = {1802.09567},
  timestamp     = {Fri, 02 Mar 2018 13:46:22 +0100},
  biburl        = {https://dblp.org/rec/bib/journals/corr/abs-1802-09567},
  bibsource     = {dblp computer science bibliography, https://dblp.org}
}

@article{DBLP:journals/corr/abs-1802-10033,
  author        = {Christoph Wick and
                   Christian Reul and
                   Frank Puppe},
  title         = {Improving {OCR} Accuracy on Early Printed Books using Deep Convolutional
                   Networks},
  journal       = {CoRR},
  volume        = {abs/1802.10033},
  year          = {2018},
  url           = {http://arxiv.org/abs/1802.10033},
  archivePrefix = {arXiv},
  eprint        = {1802.10033},
  timestamp     = {Fri, 02 Mar 2018 13:46:22 +0100},
  biburl        = {https://dblp.org/rec/bib/journals/corr/abs-1802-10033},
  bibsource     = {dblp computer science bibliography, https://dblp.org}
}

@article{DBLP:journals/corr/HarrajR15,
  author        = {Abdeslam El Harraj and
                   Naoufal Raissouni},
  title         = {{OCR} accuracy improvement on document images through a novel pre-processing
                   approach},
  journal       = {CoRR},
  volume        = {abs/1509.03456},
  year          = {2015},
  url           = {http://arxiv.org/abs/1509.03456},
  archivePrefix = {arXiv},
  eprint        = {1509.03456},
  timestamp     = {Wed, 07 Jun 2017 14:42:15 +0200},
  biburl        = {https://dblp.org/rec/bib/journals/corr/HarrajR15},
  bibsource     = {dblp computer science bibliography, https://dblp.org}
}

@article{Christy:2017:MDE:3172938.3075645,
  author     = {Christy, Matthew and Gupta, Anshul and Grumbach, Elizabeth and Mandell, Laura and Furuta, Richard and Gutierrez-Osuna, Ricardo},
  title      = {Mass Digitization of Early Modern Texts With Optical Character Recognition},
  journal    = {J. Comput. Cult. Herit.},
  issue_date = {January 2018},
  volume     = {11},
  number     = {1},
  month      = dec,
  year       = {2017},
  issn       = {1556-4673},
  pages      = {6:1--6:25},
  articleno  = {6},
  numpages   = {25},
  url        = {http://doi.acm.org/10.1145/3075645},
  doi        = {10.1145/3075645},
  acmid      = {3075645},
  publisher  = {ACM},
  address    = {New York, NY, USA},
  keywords   = {Machine learning, digital humanities},
}

@mastersthesis{Jurin:2017:Master,
  author  = {Ivan Jurin},
  title   = {Višeobjektni modeli detekcije za raspoznavanje teksta dubokim učenjem},
  school  = {Sveučilište u Zagrebu, Fakultet elektrotehnike i računarstva},
  year    = {2017},
  address = {Unska 3, 10000 Zagreb, Republika Hrvatska},
  month   = jun,
  type    = {Diplomski rad}
}

@mastersthesis{Gulan:2016:Bacherlor,
  author  = {Filip Gulan},
  title   = {Očitavanje rukom pisanih slova},
  school  = {Sveučilište u Zagrebu, Fakultet elektrotehnike i računarstva},
  year    = {2016},
  address = {Unska 3, 10000 Zagreb, Republika Hrvatska},
  month   = jun,
  type    = {Završni rad}
}

@misc{Vynckier:2018:HowOcrWorks,
  author = {Ivo Vynckier},
  title  = {How OCR Works, A Close Look at Optical Character Recognition},
  year   = {2018},
  url    = {http://how-ocr-works.com/OCR/OCR.html},
  note   = {Pristupano: 01.06.2018.}
}

@article{verma2012survey,
  title   = {A-Survey of Feature Extraction and Classification Techniques in OCR Systems},
  author  = {Verma, Rohit and Ali, Jahid},
  journal = {International Journal of Computer Applications \& Information Technology},
  volume  = {1},
  number  = {3},
  pages   = {1--3},
  year    = {2012}
}

@article{lehal1999feature,
  title     = {Feature extraction and classification for OCR of Gurmukhi script},
  author    = {Lehal, Gurpreet S and Singh, Chandan},
  journal   = {VIVEK-BOMBAY-},
  volume    = {12},
  number    = {2},
  pages     = {2--12},
  year      = {1999},
  publisher = {NATIONAL CENTRE FOR SOFTWARE TECHNOLOGY}
}

@article{kaur2016survey,
  title  = {A survey on feature extraction and classification techniques for character recognition of Indian scripts},
  author = {Kaur, Sukhpreet and Rani, Simpel},
  year   = {2016}
}

@inproceedings{krizhevsky2012imagenet,
  title     = {Imagenet classification with deep convolutional neural networks},
  author    = {Krizhevsky, Alex and Sutskever, Ilya and Hinton, Geoffrey E},
  booktitle = {Advances in neural information processing systems},
  pages     = {1097--1105},
  year      = {2012}
}

@inproceedings{zhu2016novel,
  title        = {A novel OCR approach based on document layout analysis and text block classification},
  author       = {Zhu, Weiheng and Liu, Yuanfeng and Hao, Liang},
  booktitle    = {Computational Intelligence and Security (CIS), 2016 12th International Conference on},
  pages        = {91--94},
  year         = {2016},
  organization = {IEEE}
}

@inproceedings{chowdhury2007segmentation,
  title        = {Segmentation of text and graphics from document images},
  author       = {Chowdhury, S and Mandal, Sekhar and Das, A and Chanda, Bhabatosh},
  booktitle    = {Document Analysis and Recognition, 2007. ICDAR 2007. Ninth International Conference on},
  volume       = {2},
  pages        = {619--623},
  year         = {2007},
  organization = {IEEE}
}

@inproceedings{schulz2017multi,
  title     = {Multi-modular domain-tailored OCR post-correction},
  author    = {Schulz, Sarah and Kuhn, Jonas},
  booktitle = {Proceedings of the 2017 Conference on Empirical Methods in Natural Language Processing},
  pages     = {2716--2726},
  year      = {2017}
}

@misc{kolton2017location,
  title     = {Location based optical character recognition (ocr)},
  author    = {Kolton, Achiav and Bentov, Albert},
  year      = {2017},
  month     = nov # "~23",
  publisher = {Google Patents},
  note      = {US Patent App. 15/523,695}
}
